@INPROCEEDINGS{prime_article,
  author={Singh, Amanveer},
  booktitle={2023 International Conference on Distributed Computing and Electrical Circuits and Electronics (ICDCECE)}, 
  title={Information Retrieval Based on the Sequential Hypertext Induced Topic Search in Web Pages}, 
  year={2023},
  volume={},
  number={},
  pages={1-5},
  doi={10.1109/ICDCECE57866.2023.10151278}}

@misc{hits_article,
  author = {T. Chou},
  journal = {Towards Data Science},
  title = {HITS Algorithm: Link Analysis Explanation and Python Implementation},
  year = {2021},
  howpublished = {\url{https://towardsdatascience.com/hits-algorithm-link-analysis-explanation-and-python-implementation-61f0762fd7cf}}}
@INPROCEEDINGS{hits_challenges_article,
  author={Yang, Weiming},
  booktitle={2016 International Conference on Cyberworlds (CW)}, 
  title={An Improved HITS Algorithm Based on Analysis of Web Page Links and Web Content Similarity}, 
  year={2016},
  volume={},
  number={},
  pages={147-150},
  doi={10.1109/CW.2016.30}}
@ARTICLE{pageRank_formula_article,
  author={Zhang, Weitong and Shang, Ronghua and Li, Zhiyuan and Sun, Rui and Du, Jun},
  journal={IEEE Access}, 
  title={Personalized Web Page Ranking Based Graph Convolutional Network for Community Detection in Attribute Networks}, 
  year={2023},
  volume={11},
  number={},
  pages={84270-84282},
  doi={10.1109/ACCESS.2023.3303210}}
  @misc{pageRank_article,
  author = {T. Chou},
  journal = {Towards Data Science},
  title = {PageRank: Link Analysis Explanation and Python Implementation},
  year = {2021},
  howpublished = {\url{https://towardsdatascience.com/pagerank-3c568a7d2332}}}
@article{boolean_search_article,
  author = {Muhammad, Aliyu},
  year = {2017},
  month = {11},
  pages = {216-222},
  title = {Efficiency of Boolean Search strings for Information Retrieval},
  volume = {6},
  journal = {American Journal of Engineering Research}}
@INPROCEEDINGS{VSM_explanation_article,
  author={Fang, Kui and Wang, Juan},
  booktitle={2012 9th International Conference on Fuzzy Systems and Knowledge Discovery}, 
  title={An optimized features extraction algorithm on VSM}, 
  year={2012},
  volume={},
  number={},
  pages={1471-1473},
  doi={10.1109/FSKD.2012.6233810}}
  @INPROCEEDINGS{VSM_weight_terms_article,
  author={Guo, Qinglin},
  booktitle={2008 32nd Annual IEEE International Computer Software and Applications Conference}, 
  title={The Similarity Computing of Documents Based on VSM}, 
  year={2008},
  volume={},
  number={},
  pages={585-586},
  doi={10.1109/COMPSAC.2008.196}}
