@ARTICLE{10210566,
  author={Zhang, Weitong and Shang, Ronghua and Li, Zhiyuan and Sun, Rui and Du, Jun},
  journal={IEEE Access}, 
  title={Personalized Web Page Ranking Based Graph Convolutional Network for Community Detection in Attribute Networks}, 
  year={2023},
  volume={11},
  number={},
  pages={84270-84282},
  doi={10.1109/ACCESS.2023.3303210}}

@misc{chonny,
  author = {T. Chou},
  journal = {Towards Data Science},
  title = {HITS Algorithm: Link Analysis Explanation and Python Implementation},
  year = {2019},
  howpublished = {\url{https://towardsdatascience.com/hits-algorithm-link-analysis-explanation-and-python-implementation-61f0762fd7cf}}}