@misc{hits_article,
  author = {T. Chou},
  journal = {Towards Data Science},
  title = {HITS Algorithm: Link Analysis Explanation and Python Implementation},
  year = {2019},
  howpublished = {\url{https://towardsdatascience.com/hits-algorithm-link-analysis-explanation-and-python-implementation-61f0762fd7cf}}}
@INPROCEEDINGS{hits_challenges_article,
  author={Yang, Weiming},
  booktitle={2016 International Conference on Cyberworlds (CW)}, 
  title={An Improved HITS Algorithm Based on Analysis of Web Page Links and Web Content Similarity}, 
  year={2016},
  volume={},
  number={},
  pages={147-150},
  doi={10.1109/CW.2016.30}}
@ARTICLE{pageRank_formula_article,
  author={Zhang, Weitong and Shang, Ronghua and Li, Zhiyuan and Sun, Rui and Du, Jun},
  journal={IEEE Access}, 
  title={Personalized Web Page Ranking Based Graph Convolutional Network for Community Detection in Attribute Networks}, 
  year={2023},
  volume={11},
  number={},
  pages={84270-84282},
  doi={10.1109/ACCESS.2023.3303210}}